<?xml version="1.0" encoding="UTF-8"?><collection xmlns="http://www.loc.gov/MARC21/slim"><record><leader>00375nam--2200121-i-4500</leader><controlfield tag="001">000019293</controlfield><controlfield tag="002">20161230</controlfield><controlfield tag="005">20161230201033</controlfield><controlfield tag="008">060222s1000------------r-----000-0-eng-d</controlfield><datafield ind1=" " ind2=" " tag="100"><subfield code="a">Farach, Horacio A. And Poole, Charles P</subfield></datafield><datafield ind1=" " ind2=" " tag="245"><subfield code="a">Relaxation in magnetic resonance.dielectric and mossbauer applications</subfield></datafield><datafield ind1=" " ind2=" " tag="260"><subfield code="a">New York, Academic Press, 1971.   Xv + 392 P</subfield></datafield><datafield ind1=" " ind2=" " tag="852"><subfield code="a">35740</subfield></datafield></record></collection>